<?xml version="1.0" encoding="UTF-8"?><collection xmlns="http://www.loc.gov/MARC21/slim"><record><leader>00427nam--2200145-i-4500</leader><controlfield tag="001">000011253</controlfield><controlfield tag="002">20161230</controlfield><controlfield tag="005">20170107164624</controlfield><controlfield tag="008">060222s1000------------r-----000-0-eng-d</controlfield><datafield ind1=" " ind2=" " tag="100"><subfield code="a">Burger, K</subfield></datafield><datafield ind1=" " ind2=" " tag="245"><subfield code="a">Coordination chemistry: experimental methods</subfield><subfield code="c">English translation edited by Ian T.Millar s.a</subfield></datafield><datafield ind1=" " ind2=" " tag="260"><subfield code="a">Budapest</subfield><subfield code="b">Akad©♭miai Kiad©đ</subfield><subfield code="c">1973</subfield></datafield><datafield ind1=" " ind2=" " tag="300"><subfield code="a">372 p</subfield></datafield><datafield ind1=" " ind2=" " tag="852"><subfield code="a">541:543:53.082.7</subfield></datafield><datafield ind1=" " ind2=" " tag="CAT"><subfield code="a">SYS</subfield><subfield code="c">20170107</subfield><subfield code="h">164624</subfield></datafield></record></collection>